@misc{arm:reg,
    title = "{ARM} {Overview} - {Registers} - {OSDev}",
    note = "\url{http://wiki.osdev.org/ARM_Overview#Registers}",
}

@misc{gbadev:docs,
    title = "{GBADev/Docs}",
    note = "\url{http://www.gbadev.org/docs.php}",
}

@misc{conarac,
    title = "{TONC}",
    note = "\url{http://www.coranac.com/tonc/}",
}

@misc{wikip:vgpal,
    title = "{Wikipédia (Lista de Paletas de Videogames)}",
    note = "\url{https://en.wikipedia.org/wiki/List_of_video_game_console_palettes}",
}

@misc{wikip:gba,
    title = "Wikipédia ({GBA})",
    note = "\url{https://en.wikipedia.org/wiki/Game_Boy_Advance}",
}

@misc{alex:sketch,
    title = "{Alex Schütz (Sketch do circuito interno do GBA)}",
    note = "\url{http://assemblergames.com/l/threads/game-boy-advance-schematic-cadsoft-eagle-files.54814/}",
}

@misc{gbatek,
    title = "{ProblemKaputt}",
    note = "\url{http://problemkaputt.de/gbatek.htm}",
}

@misc{sm:arm,
    title = "{SimpleMachines (ARM)}",
    note = "\url{http://simplemachines.it/doc/arm_inst.pdf}",
}

@misc{infocenter:arm,
    title = "{InfoCenter.ARM}",
    note = "\url{http://infocenter.arm.com/help/index.jsp?topic=/com.arm.doc.dui0497a/BABJGHFJ.html}",
}

@misc{utexas:arm,
    title = "{uTexas.EDU}",
    note = "\url{http://users.ece.utexas.edu/~valvano/EE345M/Arm_EE382N_4.pdf}",
}
