@misc{conarac,
    author = "J. Vijn",
    title = "{TONC}",
    url = "http://www.coranac.com/tonc/",
    note = "\url{http://www.coranac.com/tonc/}",
}

@misc{gbatek,
    author = "Martin Korth",
    title = "{GBATEK - GBA/NDS Technical Info}",
    url = "http://problemkaputt.de/gbatek.htm",
    note = "\url{http://problemkaputt.de/gbatek.htm}",
}

@misc{gbadev-org,
    author = "GBADEV.org",
    title = "{Gameboy Advance Development}",
    url = "http://www.gbadev.org/docs.php",
    note = "\url{http://www.gbadev.org/docs.php}",
}

@misc{wikipedia:gba,
    author = "Wikipedia",
    title = "{Game Boy Advance}",
    url = "https://en.wikipedia.org/wiki/Game_Boy_Advance",
    note = "\url{https://en.wikipedia.org/wiki/Game_Boy_Advance}",
}

@misc{assemblergames,
    author = "Arcade",
    title = "{Game Boy Advance Schematic (Cadsoft Eagle Files)}",
    url = "http://assemblergames.com/l/threads/game-boy-advance-schematic-cadsoft-eagle-files.54814/",
    note = "\url{http://assemblergames.com/l/threads/game-boy-advance-schematic-cadsoft-eagle-files.54814/}",
}

@misc{armisa,
    author = "ARM University Program",
    title = "{The ARM Instruction Set}",
    url = "http://simplemachines.it/doc/arm_inst.pdf",
    note = "\url{http://simplemachines.it/doc/arm_inst.pdf}",
}

@misc{arminfocenter,
    author = "ARM",
    title = "{ARM Information Center}",
    url = "http://infocenter.arm.com/help/index.jsp?topic=/com.arm.doc.dui0497a/BABJGHFJ.html",
    note = "\url{http://infocenter.arm.com/help/index.jsp?topic=/com.arm.doc.dui0497a/BABJGHFJ.html}",
}

@misc{mark:armisa,
    author = "Mark McDermott",
    title = "{The ARM Instruction Set Architecture}",
    url = "http://users.ece.utexas.edu/~valvano/EE345M/Arm_EE382N_4.pdf",
    note = "\url{http://users.ece.utexas.edu/~valvano/EE345M/Arm_EE382N_4.pdf}",
}
